@incollection{GAGNON-OFW11-2016,
title = "{Open Source 3D CFD of a Quadrotor Cyclogyro Aircraft}",
editor = "NÃ³brega, J. M. and Jasak, H.",
booktitle = "{11th OpenFOAM Workshop Book}",
publisher = "Springer International Publishing AG",
edition = "",
address = "",
year = "2018",
pages = "",
isbn = "",
doi = "",
url = "",
author = "Gagnon, L. and Quaranta, G. and Schwaiger, M.",
}

@inproceedings{gagAHS2014,
	address = "Montr{\'e}al, Canada",
	author = "Gagnon, L. and Morandini, M. and Quaranta, G. and Muscarello, V. and Bindolino, G. and Masarati, P.",
	booktitle = "{AHS 70th Annual Forum}",
	month = "May 20-22",
	title = "{Cyclogyro Thrust Vectoring for Anti-Torque and Control of Helicopters}",
	year = "2014"
}
