@article{MyRef0,
  title={An introduction to BibTeX for Ninjas and Wizards},
  author={McAuthorson, Author A},
  journal={J LaTeX},
  volume={007},
  number={1},
  pages={0--7},
  year={1987},
  publisher={Irish Pub.}
}

