@article{phillips2006invasion,
  title={Invasion and the evolution of speed in toads},
  author={Phillips, Benjamin L and Brown, Gregory P and Webb, Jonathan K and Shine, Richard},
  journal={Nature},
  volume={439},
  number={7078},
  pages={803--803},
  year={2006},
  publisher={Nature Publishing Group}
}

@article{davies1978deep,
  title={Deep croaks and fighting assessment in toads Bufo bufo},
  author={Davies, Nick B and Halliday, Tim R},
  year={1978},
  publisher={Nature Publishing Group}
}

@book{mattison1987frogs,
	title={Frogs \& toads of the world},
	author={Mattison, Christopher},
	year={1987},
	publisher={Blandford}
}

@article{carey1993hypothesis,
  title={Hypothesis concerning the causes of the disappearance of boreal toads from the mountains of Colorado},
  author={Carey, Cynthia},
  journal={Conservation Biology},
  pages={355--362},
  year={1993},
  publisher={JSTOR}
}